@misc{ggplot,
  title = {Create a new ggplot},
  howpublished = {\url{http://ggplot2.tidyverse.org/reference/ggplot.html}},
  note = {Accessed: 2018-04-22}
}

@misc{ggplot2,
  title = {ggplot2 - Essentials },
  howpublished = {\url{http://www.sthda.com/english/wiki/ggplot2-essentials}},
  note = {Accessed: 2018-04-22}
}

@misc{WinNT,
  title = {{MS Windows NT} Kernel Description},
  howpublished = {\url{http://web.archive.org/web/20080207010024/http://www.808multimedia.com/winnt/kernel.htm}},
  note = {Accessed: 2010-09-30}
}